@@misc{ftc,
        author = {wiki},
        title = {The Fundamental Theorem of Calculus},
        howpublished = {wikipedia},
        url = {https://en.wikipedia.org/wiki/Fundamental_theorem_of_calculus#
               Proof_of_the_first_part},
}
