@misc{StochasticAnalysisNotes,
    author  = {Nina Gantert (typesetting: Leopold von Bonhorst)},
    title   = {Stochastic Analysis},
    year    = {2011-2012},
    howpublished = {Online Course Notes},
    url     = {https://www.groups.ma.tum.de/fileadmin/w00ccg/probability/Lehre/WS11_12/Stochastic_Analysis/skript/StochAna2006.pdf}
}
